@misc{IncomeESL,
  title        = {IncomeESL Dataset},
  author       = {R Project Contributors},
  year         = {2025},
  url          = {https://search.r-project.org/CRAN/refmans/arules/html/Income.html},
  note         = {Dataset available in the R package \texttt{arules}},
}

@book{StatisticalLearningBook,
  title     = {The Elements of Statistical Learning: Data Mining, Inference, and Prediction},
  author    = {Hastie, Trevor and Tibshirani, Robert and Friedman, Jerome},
  year      = {2001},
  publisher = {Springer},
  address   = {New York},
  edition   = {1st},
}
