@article{ImageNetProgress,
  author    = {Dae-Young Kang and Hieu Pham Duong and Jung-Chul Park},
  title     = {Application of Deep Learning in Dentistry and Implantology},
  journal   = {Implantology},
  volume    = {24},
  number    = {3},
  pages     = {148--181},
  year      = {2020},
  doi       = {10.32542/implantology.202015}
}

@misc{Lecture09,
  author       = {Justin Johnson},
  title        = {EECS 498: Deep Learning for Computer Vision - Lecture 09},
  howpublished = {\url{https://web.eecs.umich.edu/~justincj/slides/eecs498/498_FA2019_lecture09.pdf}},
  year         = {2019},
  note         = {Accessed: 2025-01-25}
}

@article{CatVisualCortex,
  author = {Hubel, David H. and Wiesel, Torsten N.},
  title = {Receptive fields, binocular interaction and functional architecture in the cat's visual cortex},
  journal = {Journal of Physiology},
  year = {1962},
  volume = {160},
  pages = {106-154},
  doi = {10.1113/jphysiol.1962.sp006837}
}

@phdthesis{LarryRoberts,
  author = {Roberts, Lawrence G.},
  title = {Machine Perception of Three-Dimensional Solids},
  school = {Massachusetts Institute of Technology (MIT)},
  year = {1963},
  type = {Ph.D. Thesis}
}

@misc{SummerVisionProject,
  author = {Papert, Seymour and Minsky, Marvin},
  title = {Summer Vision Project},
  year = {1966},
  note = {Technical Report, MIT Artificial Intelligence Laboratory}
}

@article{DavidMar,
  author = {Marr, David},
  title = {Vision: A Computational Investigation into the Human Representation and Processing of Visual Information},
  journal = {W. H. Freeman and Company},
  year = {1982}
}

@article{PictorialStructures,
  author = {Fischler, Martin A. and Elschlager, Robert A.},
  title = {The Representation and Matching of Pictorial Structures},
  journal = {IEEE Transactions on Computers},
  volume = {22},
  number = {1},
  pages = {67-92},
  year = {1973}
}

@article{Canny,
  author = {Canny, John},
  title = {A Computational Approach to Edge Detection},
  journal = {IEEE Transactions on Pattern Analysis and Machine Intelligence},
  year = {1986},
  volume = {8},
  number = {6},
  pages = {679-698},
  doi = {10.1109/TPAMI.1986.4767851}
}

@inproceedings{Lowe,
  author = {Lowe, David G.},
  title = {Object recognition from local scale-invariant features},
  booktitle = {Proceedings of the International Conference on Computer Vision (ICCV)},
  year = {1999},
  pages = {1150-1157}
}

@article{NormalizedCuts,
  author = {Shi, Jianbo and Malik, Jitendra},
  title = {Normalized Cuts and Image Segmentation},
  journal = {IEEE Transactions on Pattern Analysis and Machine Intelligence},
  volume = {22},
  number = {8},
  pages = {888-905},
  year = {2000},
  doi = {10.1109/34.868688}
}

@inproceedings{ViolaAndJones,
  author = {Viola, Paul and Jones, Michael},
  title = {Rapid Object Detection using a Boosted Cascade of Simple Features},
  booktitle = {Proceedings of the IEEE Computer Society Conference on Computer Vision and Pattern Recognition (CVPR)},
  year = {2001},
  pages = {511-518},
  doi = {10.1109/CVPR.2001.990517}
}

@inproceedings{Dalal2005,
  author = {Dalal, Navneet and Triggs, Bill},
  title = {Histograms of Oriented Gradients for Human Detection},
  booktitle = {Proceedings of the IEEE Computer Society Conference on Computer Vision and Pattern Recognition (CVPR)},
  year = {2005},
  pages = {886-893},
  doi = {10.1109/CVPR.2005.177}
}

@article{SVM,
  author = {Cortes, Corinna and Vapnik, Vladimir},
  title = {Support-vector networks},
  journal = {Machine Learning},
  volume = {20},
  pages = {273-297},
  year = {1995},
  doi = {10.1007/BF00994018}
}

@inproceedings{SIFT,
  author = {Lowe, David G.},
  title = {Distinctive Image Features from Scale-Invariant Keypoints},
  booktitle = {International Journal of Computer Vision},
  year = {2004},
  volume = {60},
  number = {2},
  pages = {91-110},
  doi = {10.1023/B:VISI.0000029664.99615.94}
}

@inproceedings{PascalVisualObjectChallenge,
  author = {Everingham, Mark and Van Gool, Luc and Williams, Christopher K.I. and Winn, John and Zisserman, Andrew},
  title = {The PASCAL Visual Object Classes (VOC) Challenge},
  booktitle = {International Journal of Computer Vision},
  volume = {88},
  pages = {303-338},
  year = {2010},
  doi = {10.1007/s11263-009-0275-4}
}

@article{ImageNet,
  author = {Deng, Jia and Dong, Wei and Socher, Richard and Li, Li-Jia and Li, Kai and Fei-Fei, Li},
  title = {ImageNet: A Large-Scale Hierarchical Image Database},
  booktitle = {Proceedings of the IEEE Conference on Computer Vision and Pattern Recognition (CVPR)},
  year = {2009},
  pages = {248-255},
  doi = {10.1109/CVPR.2009.5206848}
}

@inproceedings{AlexNet,
  author = {Krizhevsky, Alex and Sutskever, Ilya and Hinton, Geoffrey E.},
  title = {ImageNet Classification with Deep Convolutional Neural Networks},
  booktitle = {Proceedings of the Advances in Neural Information Processing Systems (NeurIPS)},
  year = {2012},
  pages = {1097-1105}
}

@article{Perceptron,
  author = {Rosenblatt, Frank},
  title = {The Perceptron: A Probabilistic Model for Information Storage and Organization in the Brain},
  journal = {Psychological Review},
  volume = {65},
  number = {6},
  pages = {386-408},
  year = {1958}
}

@article{MNIST,
  author = {LeCun, Yann and Bottou, Léon and Bengio, Yoshua and Haffner, Patrick},
  title = {Gradient-Based Learning Applied to Document Recognition},
  journal = {Proceedings of the IEEE},
  volume = {86},
  number = {11},
  pages = {2278-2324},
  year = {1998},
  doi = {10.1109/5.726791}
}

@book{PerceptronBook,
  author = {Minsky, Marvin and Papert, Seymour},
  title = {Perceptrons: An Introduction to Computational Geometry},
  year = {1969},
  publisher = {MIT Press}
}

@article{Neocognitron,
  author = {Fukushima, Kunihiko},
  title = {Neocognitron: A Self-organizing Neural Network Model for a Mechanism of Pattern Recognition Unaffected by Shift in Position},
  journal = {Biological Cybernetics},
  volume = {36},
  number = {4},
  pages = {193-202},
  year = {1980},
  doi = {10.1007/BF00344251}
}

@article{Backprop,
  author = {Rumelhart, David E. and Hinton, Geoffrey E. and Williams, Ronald J.},
  title = {Learning Representations by Back-propagating Errors},
  journal = {Nature},
  volume = {323},
  pages = {533-536},
  year = {1986},
  doi = {10.1038/323533a0}
}

@article{LeNet,
  author = {LeCun, Yann and Bottou, Léon and Bengio, Yoshua and Haffner, Patrick},
  title = {Gradient-Based Learning Applied to Document Recognition},
  journal = {Proceedings of the IEEE},
  volume = {86},
  number = {11},
  pages = {2278-2324},
  year = {1998},
  doi = {10.1109/5.726791}
}

@inproceedings{Hinton2006,
  author = {Hinton, Geoffrey E. and Salakhutdinov, Ruslan R.},
  title = {Reducing the Dimensionality of Data with Neural Networks},
  booktitle = {Science},
  volume = {313},
  number = {5786},
  pages = {504-507},
  year = {2006},
  doi = {10.1126/science.1127647}
}

@inproceedings{Bengio2007,
  author = {Bengio, Yoshua and Lamblin, Pascal and Popovici, Dan and Larochelle, Hugo},
  title = {Greedy Layer-Wise Training of Deep Networks},
  booktitle = {Advances in Neural Information Processing Systems (NeurIPS)},
  pages = {153-160},
  year = {2007}
}

@article{Lee2009,
  author = {Lee, Honglak and Grosse, Roger and Ranganath, Rajesh and Ng, Andrew Y.},
  title = {Convolutional Deep Belief Networks for Scalable Unsupervised Learning of Hierarchical Representations},
  journal = {Proceedings of the 26th International Conference on Machine Learning (ICML)},
  pages = {609-616},
  year = {2009}
}

@inproceedings{Glorot2010,
  author = {Glorot, Xavier and Bordes, Antoine and Bengio, Yoshua},
  title = {Deep Sparse Rectifier Neural Networks},
  booktitle = {Proceedings of the 14th International Conference on Artificial Intelligence and Statistics (AISTATS)},
  pages = {315-323},
  year = {2011}
}

@article{Sun2015,
  author = {Sun, Chen and Shrivastava, Abhinav and Singh, Saurabh and Gupta, Abhinav},
  title = {Deep Learning for Image Understanding: A Review},
  journal = {IEEE Transactions on Pattern Analysis and Machine Intelligence (TPAMI)},
  year = {2015}
}

@inproceedings{Fabaret2012,
  author = {Fabaret, Pedro and Li, Zhiyuan},
  title = {Semantic Object Segmentation Using Deep Learning Models},
  booktitle = {Computer Vision and Pattern Recognition (CVPR)},
  year = {2012}
}

@inproceedings{Simonyan2014,
  author = {Simonyan, Karen and Zisserman, Andrew},
  title = {Two-Stream Convolutional Networks for Action Recognition in Videos},
  booktitle = {Advances in Neural Information Processing Systems (NeurIPS)},
  pages = {568-576},
  year = {2014}
}

@inproceedings{Toshev2014,
  author = {Toshev, Alexander and Szegedy, Christian},
  title = {DeepPose: Human Pose Estimation via Deep Neural Networks},
  booktitle = {Computer Vision and Pattern Recognition (CVPR)},
  year = {2014}
}

@inproceedings{Guo2015,
  author = {Guo, Xiaoxiao and Singh, Saurabh},
  title = {Deep Reinforcement Learning for Video Games},
  booktitle = {IEEE Conference on Artificial Intelligence},
  year = {2015}
}

@article{Levy2016,
  author = {Levy, David and Margetts, Lauren},
  title = {Applications of Deep Learning in Medical Imaging},
  journal = {Journal of Digital Imaging},
  year = {2016}
}

@inproceedings{Dieleman2014,
  author = {Dieleman, Sander and Willett, Kyle W. and Dambre, Joni},
  title = {Rotation-Invariant Convolutional Neural Networks for Galaxy Morphology Prediction},
  booktitle = {Monthly Notices of the Royal Astronomical Society},
  year = {2014}
}

@inproceedings{Vinyals2015,
  author = {Vinyals, Oriol and Toshev, Alexander and Bengio, Samy and Erhan, Dumitru},
  title = {Show and Tell: A Neural Image Caption Generator},
  booktitle = {Computer Vision and Pattern Recognition (CVPR)},
  year = {2015}
}

@inproceedings{Karpathy2015,
  author = {Karpathy, Andrej and Fei-Fei, Li},
  title = {Deep Visual-Semantic Alignments for Generating Image Descriptions},
  booktitle = {Computer Vision and Pattern Recognition (CVPR)},
  year = {2015}
}

@inproceedings{Mordvinsev2015,
  author = {Mordvinsev, Alexander and Olah, Chris and Tyka, Mike},
  title = {Inceptionism: Going Deeper into Neural Networks},
  booktitle = {Google Research Blog},
  year = {2015}
}

@article{Gatys2016,
  author = {Gatys, Leon A. and Ecker, Alexander S. and Bethge, Matthias},
  title = {Image Style Transfer Using Convolutional Neural Networks},
  journal = {Computer Vision and Pattern Recognition (CVPR)},
  year = {2016}
}

@inproceedings{GoogleNet,
  author = {Szegedy, Christian and Liu, Wei and Jia, Yangqing and Sermanet, Pierre and Reed, Scott},
  title = {Going Deeper with Convolutions},
  booktitle = {Computer Vision and Pattern Recognition (CVPR)},
  year = {2015}
}

@inproceedings{Inception,
  author = {Szegedy, Christian et al.},
  title = {Rethinking the Inception Architecture for Computer Vision},
  booktitle = {Computer Vision and Pattern Recognition (CVPR)},
  year = {2016}
}

@inproceedings{VGG,
  author = {Simonyan, Karen and Zisserman, Andrew},
  title = {Very Deep Convolutional Networks for Large-Scale Image Recognition},
  booktitle = {International Conference on Learning Representations (ICLR)},
  year = {2015}
}

@inproceedings{InceptionV3,
  author = {Szegedy, Christian and Vanhoucke, Vincent and Ioffe, Sergey and Shlens, Jon and Wojna, Zbigniew},
  title = {Rethinking the Inception Architecture for Computer Vision},
  booktitle = {Proceedings of the IEEE Conference on Computer Vision and Pattern Recognition (CVPR)},
  pages = {2818--2826},
  year = {2016},
  doi = {10.1109/CVPR.2016.308}
}

@article{VIT,
  author = {Dosovitskiy, Alexey and Beyer, Lucas and Kolesnikov, Alexander and Weissenborn, Dirk and Zhai, Xiaohua and Unterthiner, Thomas and Dehghani, Mostafa and Minderer, Matthias and Heigold, Georg and Gelly, Sylvain and Uszkoreit, Jakob and Houlsby, Neil},
  title = {An Image is Worth 16x16 Words: Transformers for Image Recognition at Scale},
  journal = {arXiv preprint arXiv:2010.11929},
  year = {2020},
  url = {https://arxiv.org/abs/2010.11929}
}

@inproceedings{ConvNext,
  author = {Liu, Zhuang and Mao, Hanzi and Wu, Chao-Yuan and Feichtenhofer, Christoph and Darrell, Trevor and Xie, Saining},
  title = {A ConvNet for the 2020s},
  booktitle = {Proceedings of the IEEE/CVF Conference on Computer Vision and Pattern Recognition (CVPR)},
  year = {2022},
  pages = {11976--11986},
  doi = {10.1109/CVPR52688.2022.01170}
}

@inproceedings{MobileNet,
  author = {Howard, Andrew G. and Zhu, Menglong and Chen, Bo and Kalenichenko, Dmitry and Wang, Weijun and Weyand, Tobias and Andreetto, Marco and Adam, Hartwig},
  title = {MobileNets: Efficient Convolutional Neural Networks for Mobile Vision Applications},
  booktitle = {arXiv preprint arXiv:1704.04861},
  year = {2017},
  url = {https://arxiv.org/abs/1704.04861}
}

@inproceedings{ResNet,
  author = {He, Kaiming and Zhang, Xiangyu and Ren, Shaoqing and Sun, Jian},
  title = {Deep Residual Learning for Image Recognition},
  booktitle = {Proceedings of the IEEE Conference on Computer Vision and Pattern Recognition (CVPR)},
  year = {2016},
  pages = {770--778},
  doi = {10.1109/CVPR.2016.90}
}

@article{SingleViewMetrology,
  author       = {Rui Zhu and
                  Xingyi Yang and
                  Yannick Hold-Geoffroy and
                  Federico Perazzi and
                  Jonathan Eisenmann and
                  Kalyan Sunkavalli and
                  Manmohan Chandraker},
  title        = {Single View Metrology in the Wild},
  journal      = {CoRR},
  volume       = {abs/2007.09529},
  year         = {2020},
  url          = {https://arxiv.org/abs/2007.09529},
}

@article{DeepSingleImageCalibration,
  author       = {Yannick Hold{-}Geoffroy and
                  Kalyan Sunkavalli and
                  Jonathan Eisenmann and
                  Matthew Fisher and
                  Emiliano Gambaretto and
                  Sunil Hadap and
                  Jean{-}Fran{\c{c}}ois Lalonde},
  title        = {A Perceptual Measure for Deep Single Image Camera Calibration},
  journal      = {CoRR},
  volume       = {abs/1712.01259},
  year         = {2017},
  url          = {http://arxiv.org/abs/1712.01259},
}

@article{COCO,
  author       = {Tsung{-}Yi Lin and
                  Michael Maire and
                  Serge J. Belongie and
                  Lubomir D. Bourdev and
                  Ross B. Girshick and
                  James Hays and
                  Pietro Perona and
                  Deva Ramanan and
                  Piotr Doll{\'{a}}r and
                  C. Lawrence Zitnick},
  title        = {Microsoft {COCO:} Common Objects in Context},
  journal      = {CoRR},
  volume       = {abs/1405.0312},
  year         = {2014},
  url          = {http://arxiv.org/abs/1405.0312},
}

@article{DBLP:journals/corr/HeGDG17,
  author       = {Kaiming He and
                  Georgia Gkioxari and
                  Piotr Doll{\'{a}}r and
                  Ross B. Girshick},
  title        = {Mask {R-CNN}},
  journal      = {CoRR},
  volume       = {abs/1703.06870},
  year         = {2017},
  url          = {http://arxiv.org/abs/1703.06870},
  eprinttype    = {arXiv},
  eprint       = {1703.06870},
  timestamp    = {Mon, 13 Aug 2018 16:46:36 +0200},
  biburl       = {https://dblp.org/rec/journals/corr/HeGDG17.bib},
  bibsource    = {dblp computer science bibliography, https://dblp.org}
}

@article{MaskRCNN,
  author       = {Kaiming He and
                  Georgia Gkioxari and
                  Piotr Doll{\'{a}}r and
                  Ross B. Girshick},
  title        = {Mask {R-CNN}},
  journal      = {CoRR},
  volume       = {abs/1703.06870},
  year         = {2017},
  url          = {http://arxiv.org/abs/1703.06870},
}

@inproceedings{SingleViewMetrologyApplications,
  author = {Criminisi, Antonio},
  title = {Single View Metrology: Geometry and Applications},
  booktitle = {Proceedings of the DAGM Symposium on Pattern Recognition},
  year = {2002},
  url = {https://pages.cs.wisc.edu/~dyer/ai-qual/criminisi-dagm02.pdf}
}

