@Manual{haberman,
  author       = {Haberman, S.},
  title        = {{Haberman's Survival}},
  year         = {1976},
  howpublished = {UCI Machine Learning Repository},
  note         = {{DOI}: https://doi.org/10.24432/C5XK51}
}

@Manual{concrete,
  author       = {Yeh, I-Cheng},
  title        = {{Concrete Compressive Strength}},
  year         = {1998},
  howpublished = {UCI Machine Learning Repository},
  note         = {{DOI}: https://doi.org/10.24432/C5PK67}
}

@Manual{UCIMLR,
  author    = {Markelle Kelly and Rachel Longjohn and Kolby Nottingham},
  title     = {The UCI Machine Learning Repository},
  year      = {2024},
  url       = {https://archive.ics.uci.edu},
  note      = {Accessed: 2024-11-24}
}
