@misc{RAE,
  author       = "{Real Academia Española}",
  title        = "{Diccionario de la lengua española (23.ª ed.)}",
  year         = "2023",
  url          = "https://dle.rae.es",
  note         = "Consultado el 15 de enero de 2025"
}
